<record><leader>00000cas a2200000Ka 4500</leader><controlfield tag="001">24570389</controlfield><controlfield tag="008">911016d19411942txuwr ne      0    0eng d</controlfield><datafield ind1=" " ind2=" " tag="010"><subfield code="a">sn 91072522 </subfield></datafield><datafield ind1=" " ind2=" " tag="040"><subfield code="a">NPH</subfield><subfield code="b">eng</subfield><subfield code="c">NPH</subfield><subfield code="d">PPM</subfield><subfield code="d">OCLCQ</subfield><subfield code="d">OCLCF</subfield><subfield code="d">OCLCO</subfield></datafield><datafield ind1=" " ind2=" " tag="043"><subfield code="a">n-us---</subfield></datafield><datafield ind1="0" ind2="4" tag="245"><subfield code="a">The Spear head.</subfield></datafield><datafield ind1="1" ind2="7" tag="246"><subfield code="a">Spearhead</subfield></datafield><datafield ind1=" " ind2=" " tag="260"><subfield code="a">Fort Sam Houston, Tx. :</subfield><subfield code="b">Fort Sam Houston</subfield></datafield><datafield ind1=" " ind2=" " tag="300"><subfield code="a">v. :</subfield><subfield code="b">ill.</subfield></datafield><datafield ind1=" " ind2=" " tag="310"><subfield code="a">Weekly</subfield></datafield><datafield ind1="1" ind2=" " tag="362"><subfield code="a">Began in 1941; ceased in 1942.</subfield></datafield><datafield ind1=" " ind2=" " tag="588"><subfield code="a">Description based on: Vol. 1, no. 9 (Apr. 9, 1941).</subfield></datafield><datafield ind1=" " ind2="0" tag="651"><subfield code="a">United States</subfield><subfield code="x">Armed Forces</subfield><subfield code="v">Newspapers.</subfield></datafield><datafield ind1=" " ind2="7" tag="655"><subfield code="a">Newspapers.</subfield><subfield code="2">fast</subfield><subfield code="0">(OCoLC)fst01423814</subfield></datafield><datafield ind1=" " ind2="7" tag="650"><subfield code="a">Armed Forces.</subfield><subfield code="2">fast</subfield><subfield code="0">(OCoLC)fst00814586</subfield></datafield><datafield ind1=" " ind2="7" tag="651"><subfield code="a">United States.</subfield><subfield code="2">fast</subfield><subfield code="0">(OCoLC)fst01204155</subfield></datafield><datafield ind1=" " ind2=" " tag="752"><subfield code="a">United States</subfield><subfield code="b">Texas</subfield><subfield code="d">Fort Sam Houston.</subfield></datafield><datafield ind1=" " ind2=" " tag="752"><subfield code="a">United States</subfield><subfield code="b">Texas</subfield><subfield code="c">Bexar</subfield><subfield code="d">San Antonio.</subfield></datafield><datafield ind1="0" ind2="0" tag="785"><subfield code="t">Blazon</subfield><subfield code="w">(DLC)sn 86090774</subfield></datafield></record>